@article{Wu12Eulerian,
  author = {Hao-Yu Wu and Michael Rubinstein and Eugene Shih and John Guttag and Fr\'{e}do Durand and
  William T. Freeman},
  title = {Eulerian Video Magnification for Revealing Subtle Changes in the World},
  journal = {ACM Transactions on Graphics (Proc. SIGGRAPH 2012)},
  year = {2012},
  volume = {31},
  number = {4},
}
